<?xml version="1.0" encoding="UTF-8" standalone="no"?><searchRetrieveResponse xmlns="http://www.loc.gov/zing/srw/">
  <version>1.2</version>
  <numberOfRecords>1</numberOfRecords>
  <records>
    <record>
      <recordSchema>marcxml</recordSchema>
      <recordPacking>xml</recordPacking>
      <recordData>
        <record xmlns="http://www.loc.gov/MARC21/slim">
          <leader>01767ncm a2200493 c 4500</leader>
          <controlfield tag="001">991039410659705501</controlfield>
          <controlfield tag="005">20240903112613.0</controlfield>
          <controlfield tag="008">201011t19261926fr ||c||            fre d</controlfield>
          <datafield ind1="2" ind2="2" tag="028">
            <subfield code="a">H 29,265</subfield>
          </datafield>
          <datafield ind1="2" ind2="2" tag="028">
            <subfield code="a">29,265</subfield>
          </datafield>
          <datafield ind1=" " ind2=" " tag="035">
            <subfield code="a">(swissbib)222743824-41slsp_network</subfield>
          </datafield>
          <datafield ind1=" " ind2=" " tag="035">
            <subfield code="a">222743824</subfield>
            <subfield code="9">ExL</subfield>
          </datafield>
          <datafield ind1=" " ind2=" " tag="035">
            <subfield code="a">(RERO)1703718-41slsp</subfield>
          </datafield>
          <datafield ind1=" " ind2=" " tag="035">
            <subfield code="a">(IDSBB)002137366DSV01</subfield>
          </datafield>
          <datafield ind1=" " ind2=" " tag="040">
            <subfield code="a">RERO lascl-</subfield>
            <subfield code="d">CH-ZuSLS</subfield>
          </datafield>
          <datafield ind1=" " ind2="7" tag="072">
            <subfield code="a">mu</subfield>
            <subfield code="2">rero</subfield>
          </datafield>
          <datafield ind1=" " ind2="7" tag="072">
            <subfield code="a">mu</subfield>
            <subfield code="2">SzZuIDS BS/BE</subfield>
          </datafield>
          <datafield ind1="1" ind2="4" tag="082">
            <subfield code="a">780</subfield>
            <subfield code="2">15</subfield>
          </datafield>
          <datafield ind1="1" ind2=" " tag="100">
            <subfield code="a">Hahn, Reynaldo</subfield>
            <subfield code="d">1874-1947</subfield>
            <subfield code="0">(DE-588)119032740</subfield>
            <subfield code="6">880-01</subfield>
          </datafield>
          <datafield ind1="1" ind2=" " tag="880">
            <subfield code="6">100-01</subfield>
            <subfield code="a">Hahn, Reynaldo</subfield>
            <subfield code="c">compositeur</subfield>
            <subfield code="d">1874-1947</subfield>
            <subfield code="0">(IDREF)029986907</subfield>
            <subfield code="4">cre</subfield>
          </datafield>
          <datafield ind1="1" ind2="0" tag="240">
            <subfield code="a">Mozart</subfield>
            <subfield code="o">KlA</subfield>
          </datafield>
          <datafield ind1="1" ind2="0" tag="245">
            <subfield code="a">Mozart</subfield>
            <subfield code="c">comédie musicale de Sacha Guitry ; musique de Reynaldo Hahn</subfield>
          </datafield>
          <datafield ind1=" " ind2="1" tag="264">
            <subfield code="a">Paris</subfield>
            <subfield code="b">Heugel</subfield>
            <subfield code="c">[1926]</subfield>
          </datafield>
          <datafield ind1=" " ind2="4" tag="264">
            <subfield code="c">© 1926</subfield>
          </datafield>
          <datafield ind1=" " ind2=" " tag="300">
            <subfield code="a">1 RÉDUCTION (86 p.)</subfield>
            <subfield code="c">28 cm</subfield>
          </datafield>
          <datafield ind1=" " ind2=" " tag="336">
            <subfield code="b">ntm</subfield>
            <subfield code="2">rdacontent</subfield>
          </datafield>
          <datafield ind1=" " ind2=" " tag="337">
            <subfield code="b">n</subfield>
            <subfield code="2">rdamedia</subfield>
          </datafield>
          <datafield ind1=" " ind2=" " tag="338">
            <subfield code="b">nc</subfield>
            <subfield code="2">rdacarrier</subfield>
          </datafield>
          <datafield ind1=" " ind2=" " tag="348">
            <subfield code="a">Klavierauszug</subfield>
            <subfield code="2">gnd-music</subfield>
          </datafield>
          <datafield ind1=" " ind2=" " tag="348">
            <subfield code="a">réduction pour piano</subfield>
            <subfield code="2">gnd-music/fre</subfield>
          </datafield>
          <datafield ind1=" " ind2=" " tag="348">
            <subfield code="a">riduzione per pianoforte</subfield>
            <subfield code="2">gnd-music/ita</subfield>
          </datafield>
          <datafield ind1=" " ind2=" " tag="382">
            <subfield code="a">voix</subfield>
            <subfield code="n">4</subfield>
            <subfield code="a">piano</subfield>
            <subfield code="n">1</subfield>
            <subfield code="2">reromusi</subfield>
          </datafield>
          <datafield ind1=" " ind2=" " tag="382">
            <subfield code="a">Singstimme</subfield>
            <subfield code="n">mehrere</subfield>
            <subfield code="a">Klavier</subfield>
            <subfield code="n">1</subfield>
            <subfield code="2">idsmusi</subfield>
          </datafield>
          <datafield ind1=" " ind2=" " tag="500">
            <subfield code="a">Originalbesetzung: Singstimme (mehrere), Orchester</subfield>
          </datafield>
          <datafield ind1=" " ind2="7" tag="655">
            <subfield code="a">Oper</subfield>
            <subfield code="y">20. Jh.</subfield>
            <subfield code="2">idsmusg</subfield>
          </datafield>
          <datafield ind1=" " ind2="7" tag="655">
            <subfield code="a">Comédie musicale</subfield>
            <subfield code="y">1901-1950</subfield>
            <subfield code="2">reromusg</subfield>
          </datafield>
          <datafield ind1=" " ind2="7" tag="655">
            <subfield code="v">adaptation</subfield>
            <subfield code="2">reromusi</subfield>
          </datafield>
          <datafield ind1=" " ind2=" " tag="690">
            <subfield code="a">Comédie musicale</subfield>
            <subfield code="e">1901-1950</subfield>
            <subfield code="2">musg</subfield>
          </datafield>
          <datafield ind1=" " ind2=" " tag="690">
            <subfield code="a">voix (4), piano (adaptation)</subfield>
            <subfield code="2">musi</subfield>
          </datafield>
          <datafield ind1=" " ind2=" " tag="690">
            <subfield code="a">Oper</subfield>
            <subfield code="q">Singstimme (mehrere), Klavier</subfield>
            <subfield code="c">Klavierauszug</subfield>
            <subfield code="t">20. Jh.</subfield>
            <subfield code="v">Noten</subfield>
            <subfield code="2">ids-music</subfield>
          </datafield>
          <datafield ind1="1" ind2="2" tag="700">
            <subfield code="a">Hahn, Reynaldo</subfield>
            <subfield code="t">Mozart.</subfield>
            <subfield code="o">Réduction</subfield>
          </datafield>
          <datafield ind1="1" ind2=" " tag="700">
            <subfield code="a">Guitry, Sacha</subfield>
            <subfield code="d">1885-1957</subfield>
            <subfield code="0">(IDREF)027324206</subfield>
          </datafield>
          <datafield ind1="0" ind2="1" tag="852">
            <subfield code="a">41SLSP_UBS</subfield>
            <subfield code="6">9921373660105504</subfield>
            <subfield code="9">P</subfield>
          </datafield>
          <datafield ind1="0" ind2="1" tag="852">
            <subfield code="a">41SLSP_VGE</subfield>
            <subfield code="6">991013146719705524</subfield>
            <subfield code="9">P</subfield>
          </datafield>
          <datafield ind1=" " ind2=" " tag="900">
            <subfield code="a">REROnoselfmerge</subfield>
          </datafield>
          <datafield ind1=" " ind2=" " tag="911">
            <subfield code="a">Hahn, Reynaldo</subfield>
            <subfield code="d">1875-1947</subfield>
          </datafield>
        </record>
      </recordData>
      <recordIdentifier>991039410659705501</recordIdentifier>
      <recordPosition>1</recordPosition>
    </record>
  </records>
  <extraResponseData xmlns:xb="http://www.exlibris.com/repository/search/xmlbeans/">
    <xb:exact>true</xb:exact>
    <xb:responseDate>2025-02-01T23:39:13+0100</xb:responseDate>
  </extraResponseData>
</searchRetrieveResponse>